
@BOOK{gilly:1994,
        author = "D. Gilly",
        title = "UNIX in a Nutshell",
        publisher = "O'Reilly",
        year = "1994"
}

@BOOK{Flickenger2003,
	author = {Rob Flickenger},
	title = {Linux Server Hacks},
	year = {2003},
	publisher = {O'Reilly, {LLC}},
	edition = {First},
	place = {Sebastopol, California},
	isbn = {0596004613}
}


